@book{book:numbertheory,
    author    = {冯克勤},
    publisher = {北京师范大学出版社},
    title     = {初等数论及应用},
    year      = {2003}
}

@misc{oiwiki:divblocking,
    author    = {OI Wiki Team},
    title     = {数论分块 --- {OI Wiki}},
    year      = {2016},
    publisher = {GitHub},
    url       = {https://github.com/OI-wiki/OI-wiki/blob/56e9dd15d8a68116bd3affd74dde6eb066c1efca/docs/math/number-theory/sqrt-decomposition.md},
    note      = {[Online; accessed 18-September-2022]}
}

@misc{oiwiki:euler,
    author    = {OI Wiki Team},
    title     = {欧拉函数 --- {OI Wiki}},
    year      = {2016},
    publisher = {GitHub},
    url       = {https://github.com/OI-wiki/OI-wiki/blob/3fb60240520de72f04bb8b3d32b74da4495d29c0/docs/math/number-theory/euler.md},
    note      = {[Online; accessed 1-Octuber-2022]}
}

@misc{oiwiki:mobiusinv,
    author    = {OI Wiki Team},
    title     = {莫比乌斯反演 --- {OI Wiki}},
    year      = {2016},
    publisher = {GitHub},
    url       = {https://github.com/OI-wiki/OI-wiki/blob/56e9dd15d8a68116bd3affd74dde6eb066c1efca/docs/math/number-theory/mobius.md},
    note      = {[Online; accessed 18-September-2022]}
}

@misc{oiwiki:duseive,
    author    = {OI Wiki Team},
    title     = {杜教筛 --- {OI Wiki}},
    year      = {2016},
    publisher = {GitHub},
    url       = {https://github.com/OI-wiki/OI-wiki/blob/a5439a074d9032a59d4f5c579bbc52e81bf7cb17/docs/math/number-theory/du.md},
    note      = {[Online; accessed 8-Augest-2022]}
}
